<?xml version="1.0" encoding="UTF-8"?><record xmlns="http://www.loc.gov/MARC21/slim" xmlns:cinclude="http://apache.org/cocoon/include/1.0" xmlns:zs="http://www.loc.gov/zing/srw/">
  <leader>00492cz  a2200145n  4500</leader>
  <controlfield tag="001">n  90646421 </controlfield>
  <controlfield tag="003">DLC</controlfield>
  <controlfield tag="005">20000630064832.0</controlfield>
  <controlfield tag="008">900518n| acannaabn          |n aad      </controlfield>
  <datafield tag="010" ind1=" " ind2=" ">
    <subfield code="a">n  90646421 </subfield>
  </datafield>
  <datafield tag="035" ind1=" " ind2=" ">
    <subfield code="a">(OCoLC)oca02744885</subfield>
  </datafield>
  <datafield tag="040" ind1=" " ind2=" ">
    <subfield code="a">DLC</subfield>
    <subfield code="c">DLC</subfield>
    <subfield code="d">IGuWNP</subfield>
  </datafield>
  <datafield tag="100" ind1="1" ind2=" ">
    <subfield code="a">Billings, Henry F.</subfield>
  </datafield>
  <datafield tag="670" ind1=" " ind2=" ">
    <subfield code="a">nuc90-32628: His Skill builders in social studies, c1985</subfield>
    <subfield code="b">(hdg. on CaBVaU rept.: Billings, Henry F.; usage: Henry F. Billings)</subfield>
  </datafield>
  <datafield tag="670" ind1=" " ind2=" ">
    <subfield code="a">Maps, globes, graphs, c2000:</subfield>
    <subfield code="b">t.p. (Henry Billings)</subfield>
  </datafield>
</record>